@ARTICLE{Schlafly2011,
       author = {{Schlafly}, Edward F. and {Finkbeiner}, Douglas P.},
        title = "{Measuring Reddening with Sloan Digital Sky Survey Stellar Spectra and Recalibrating SFD}",
      journal = {\apj},
     keywords = {dust, extinction, Galaxy: stellar content, ISM: clouds, Astrophysics - Galaxy Astrophysics},
         year = 2011,
        month = aug,
       volume = {737},
       number = {2},
          eid = {103},
        pages = {103},
          doi = {10.1088/0004-637X/737/2/103},
archivePrefix = {arXiv},
       eprint = {1012.4804},
 primaryClass = {astro-ph.GA},
       adsurl = {https://ui.adsabs.harvard.edu/abs/2011ApJ...737..103S},
      adsnote = {Provided by the SAO/NASA Astrophysics Data System}
}


@ARTICLE{SFD1998,
       author = {{Schlegel}, David J. and {Finkbeiner}, Douglas P. and {Davis}, Marc},
        title = "{Maps of Dust Infrared Emission for Use in Estimation of Reddening and Cosmic Microwave Background Radiation Foregrounds}",
      journal = {\apj},
     keywords = {COSMOLOGY: DIFFUSE RADIATION, COSMOLOGY: COSMIC MICROWAVE BACKGROUND, ISM: DUST, EXTINCTION, INTERPLANETARY MEDIUM, INFRARED: ISM: CONTINUUM, Cosmology: Cosmic Microwave Background, Cosmology: Diffuse Radiation, ISM: Dust, Extinction, Infrared: ISM: Continuum, Interplanetary Medium, Astrophysics},
         year = 1998,
        month = jun,
       volume = {500},
       number = {2},
        pages = {525-553},
          doi = {10.1086/305772},
archivePrefix = {arXiv},
       eprint = {astro-ph/9710327},
 primaryClass = {astro-ph},
       adsurl = {https://ui.adsabs.harvard.edu/abs/1998ApJ...500..525S},
      adsnote = {Provided by the SAO/NASA Astrophysics Data System}
}


@ARTICLE{Lange2015,
       author = {{Lange}, Rebecca and {Driver}, Simon P. and {Robotham}, Aaron S.~G. and {Kelvin}, Lee S. and {Graham}, Alister W. and {Alpaslan}, Mehmet and {Andrews}, Stephen K. and {Baldry}, Ivan K. and {Bamford}, Steven and {Bland-Hawthorn}, Joss and {Brough}, Sarah and {Cluver}, Michelle E. and {Conselice}, Christopher J. and {Davies}, Luke J.~M. and {Haeussler}, Boris and {Konstantopoulos}, Iraklis S. and {Loveday}, Jon and {Moffett}, Amanda J. and {Norberg}, Peder and {Phillipps}, Steven and {Taylor}, Edward N. and {L{\'o}pez-S{\'a}nchez}, {\'A}ngel R. and {Wilkins}, Stephen M.},
        title = "{Galaxy And Mass Assembly (GAMA): mass-size relations of z < 0.1 galaxies subdivided by S{\'e}rsic index, colour and morphology}",
      journal = {\mnras},
     keywords = {galaxies: elliptical and lenticular, cD, galaxies: formation, galaxies: fundamental parameters, galaxies: spiral, galaxies: statistics, Astrophysics - Astrophysics of Galaxies, Astrophysics - Cosmology and Nongalactic Astrophysics},
         year = 2015,
        month = mar,
       volume = {447},
       number = {3},
        pages = {2603-2630},
          doi = {10.1093/mnras/stu2467},
archivePrefix = {arXiv},
       eprint = {1411.6355},
 primaryClass = {astro-ph.GA},
       adsurl = {https://ui.adsabs.harvard.edu/abs/2015MNRAS.447.2603L},
      adsnote = {Provided by the SAO/NASA Astrophysics Data System}
}


@ARTICLE{deVaucouleurs1948,
       author = {{de Vaucouleurs}, Gerard},
        title = "{Recherches sur les Nebuleuses Extragalactiques}",
      journal = {Annales d'Astrophysique},
         year = 1948,
        month = jan,
       volume = {11},
        pages = {247},
       adsurl = {https://ui.adsabs.harvard.edu/abs/1948AnAp...11..247D},
      adsnote = {Provided by the SAO/NASA Astrophysics Data System}
}


@ARTICLE{Graham2005,
       author = {{Graham}, Alister W. and {Driver}, Simon P.},
        title = "{A Concise Reference to (Projected) S{\'e}rsic R$^{1/n}$ Quantities, Including Concentration, Profile Slopes, Petrosian Indices, and Kron Magnitudes}",
      journal = {\pasa},
     keywords = {galaxies: structure, galaxies: fundamental parameters, methods: analytical, methods: data analysis, Astrophysics},
         year = 2005,
        month = jan,
       volume = {22},
       number = {2},
        pages = {118-127},
          doi = {10.1071/AS05001},
archivePrefix = {arXiv},
       eprint = {astro-ph/0503176},
 primaryClass = {astro-ph},
       adsurl = {https://ui.adsabs.harvard.edu/abs/2005PASA...22..118G},
      adsnote = {Provided by the SAO/NASA Astrophysics Data System}
}


@ARTICLE{Spergel2010,
       author = {{Spergel}, David N.},
        title = "{Analytical Galaxy Profiles for Photometric and Lensing Analysis}",
      journal = {\apjs},
     keywords = {galaxies: fundamental parameters, galaxies: photometry, gravitational lensing: weak, Astrophysics - Cosmology and Nongalactic Astrophysics},
         year = 2010,
        month = nov,
       volume = {191},
       number = {1},
        pages = {58-65},
          doi = {10.1088/0067-0049/191/1/58},
archivePrefix = {arXiv},
       eprint = {1007.3248},
 primaryClass = {astro-ph.CO},
       adsurl = {https://ui.adsabs.harvard.edu/abs/2010ApJS..191...58S},
      adsnote = {Provided by the SAO/NASA Astrophysics Data System}
}


@ARTICLE{Dey2019,
       author = {{Dey}, Arjun and {Schlegel}, David J. and {Lang}, Dustin and {Blum}, Robert and {Burleigh}, Kaylan and {Fan}, Xiaohui and {Findlay}, Joseph R. and {Finkbeiner}, Doug and {Herrera}, David and {Juneau}, St{\'e}phanie and {Landriau}, Martin and {Levi}, Michael and {McGreer}, Ian and {Meisner}, Aaron and {Myers}, Adam D. and {Moustakas}, John and {Nugent}, Peter and {Patej}, Anna and {Schlafly}, Edward F. and {Walker}, Alistair R. and {Valdes}, Francisco and {Weaver}, Benjamin A. and {Y{\`e}che}, Christophe and {Zou}, Hu and {Zhou}, Xu and {Abareshi}, Behzad and {Abbott}, T.~M.~C. and {Abolfathi}, Bela and {Aguilera}, C. and {Alam}, Shadab and {Allen}, Lori and {Alvarez}, A. and {Annis}, James and {Ansarinejad}, Behzad and {Aubert}, Marie and {Beechert}, Jacqueline and {Bell}, Eric F. and {BenZvi}, Segev Y. and {Beutler}, Florian and {Bielby}, Richard M. and {Bolton}, Adam S. and {Brice{\~n}o}, C{\'e}sar and {Buckley-Geer}, Elizabeth J. and {Butler}, Karen and {Calamida}, Annalisa and {Carlberg}, Raymond G. and {Carter}, Paul and {Casas}, Ricard and {Castander}, Francisco J. and {Choi}, Yumi and {Comparat}, Johan and {Cukanovaite}, Elena and {Delubac}, Timoth{\'e}e and {DeVries}, Kaitlin and {Dey}, Sharmila and {Dhungana}, Govinda and {Dickinson}, Mark and {Ding}, Zhejie and {Donaldson}, John B. and {Duan}, Yutong and {Duckworth}, Christopher J. and {Eftekharzadeh}, Sarah and {Eisenstein}, Daniel J. and {Etourneau}, Thomas and {Fagrelius}, Parker A. and {Farihi}, Jay and {Fitzpatrick}, Mike and {Font-Ribera}, Andreu and {Fulmer}, Leah and {G{\"a}nsicke}, Boris T. and {Gaztanaga}, Enrique and {George}, Koshy and {Gerdes}, David W. and {Gontcho}, Satya Gontcho A. and {Gorgoni}, Claudio and {Green}, Gregory and {Guy}, Julien and {Harmer}, Diane and {Hernandez}, M. and {Honscheid}, Klaus and {Huang}, Lijuan Wendy and {James}, David J. and {Jannuzi}, Buell T. and {Jiang}, Linhua and {Joyce}, Richard and {Karcher}, Armin and {Karkar}, Sonia and {Kehoe}, Robert and {Kneib}, Jean-Paul and {Kueter-Young}, Andrea and {Lan}, Ting-Wen and {Lauer}, Tod R. and {Le Guillou}, Laurent and {Le Van Suu}, Auguste and {Lee}, Jae Hyeon and {Lesser}, Michael and {Perreault Levasseur}, Laurence and {Li}, Ting S. and {Mann}, Justin L. and {Marshall}, Robert and {Mart{\'\i}nez-V{\'a}zquez}, C.~E. and {Martini}, Paul and {du Mas des Bourboux}, H{\'e}lion and {McManus}, Sean and {Meier}, Tobias Gabriel and {M{\'e}nard}, Brice and {Metcalfe}, Nigel and {Mu{\~n}oz-Guti{\'e}rrez}, Andrea and {Najita}, Joan and {Napier}, Kevin and {Narayan}, Gautham and {Newman}, Jeffrey A. and {Nie}, Jundan and {Nord}, Brian and {Norman}, Dara J. and {Olsen}, Knut A.~G. and {Paat}, Anthony and {Palanque-Delabrouille}, Nathalie and {Peng}, Xiyan and {Poppett}, Claire L. and {Poremba}, Megan R. and {Prakash}, Abhishek and {Rabinowitz}, David and {Raichoor}, Anand and {Rezaie}, Mehdi and {Robertson}, A.~N. and {Roe}, Natalie A. and {Ross}, Ashley J. and {Ross}, Nicholas P. and {Rudnick}, Gregory and {Safonova}, Sasha and {Saha}, Abhijit and {S{\'a}nchez}, F. Javier and {Savary}, Elodie and {Schweiker}, Heidi and {Scott}, Adam and {Seo}, Hee-Jong and {Shan}, Huanyuan and {Silva}, David R. and {Slepian}, Zachary and {Soto}, Christian and {Sprayberry}, David and {Staten}, Ryan and {Stillman}, Coley M. and {Stupak}, Robert J. and {Summers}, David L. and {Sien Tie}, Suk and {Tirado}, H. and {Vargas-Maga{\~n}a}, Mariana and {Vivas}, A. Katherina and {Wechsler}, Risa H. and {Williams}, Doug and {Yang}, Jinyi and {Yang}, Qian and {Yapici}, Tolga and {Zaritsky}, Dennis and {Zenteno}, A. and {Zhang}, Kai and {Zhang}, Tianmeng and {Zhou}, Rongpu and {Zhou}, Zhimin},
        title = "{Overview of the DESI Legacy Imaging Surveys}",
      journal = {\aj},
     keywords = {catalogs, surveys, Astrophysics - Instrumentation and Methods for Astrophysics},
         year = 2019,
        month = may,
       volume = {157},
       number = {5},
          eid = {168},
        pages = {168},
          doi = {10.3847/1538-3881/ab089d},
archivePrefix = {arXiv},
       eprint = {1804.08657},
 primaryClass = {astro-ph.IM},
       adsurl = {https://ui.adsabs.harvard.edu/abs/2019AJ....157..168D},
      adsnote = {Provided by the SAO/NASA Astrophysics Data System}
}



@ARTICLE{Lotz2008,
       author = {{Lotz}, Jennifer M. and {Davis}, M. and {Faber}, S.~M. and {Guhathakurta}, P. and {Gwyn}, S. and {Huang}, J. and {Koo}, D.~C. and {Le Floc'h}, E. and {Lin}, Lihwai and {Newman}, J. and {Noeske}, K. and {Papovich}, C. and {Willmer}, C.~N.~A. and {Coil}, A. and {Conselice}, C.~J. and {Cooper}, M. and {Hopkins}, A.~M. and {Metevier}, A. and {Primack}, J. and {Rieke}, G. and {Weiner}, B.~J.},
        title = "{The Evolution of Galaxy Mergers and Morphology at z < 1.2 in the Extended Groth Strip}",
      journal = {\apj},
     keywords = {galaxies: evolution, galaxies: high-redshift, galaxies: interactions, galaxies: structure, Astrophysics},
         year = 2008,
        month = jan,
       volume = {672},
       number = {1},
        pages = {177-197},
          doi = {10.1086/523659},
archivePrefix = {arXiv},
       eprint = {astro-ph/0602088},
 primaryClass = {astro-ph},
       adsurl = {https://ui.adsabs.harvard.edu/abs/2008ApJ...672..177L},
      adsnote = {Provided by the SAO/NASA Astrophysics Data System}
}


@ARTICLE{Abraham2003,
       author = {{Abraham}, Roberto G. and {van den Bergh}, Sidney and {Nair}, Preethi},
        title = "{A New Approach to Galaxy Morphology. I. Analysis of the Sloan Digital Sky Survey Early Data Release}",
      journal = {\apj},
     keywords = {Galaxies: Evolution, Galaxies: Fundamental Parameters, Astrophysics},
         year = 2003,
        month = may,
       volume = {588},
       number = {1},
        pages = {218-229},
          doi = {10.1086/373919},
archivePrefix = {arXiv},
       eprint = {astro-ph/0301239},
 primaryClass = {astro-ph},
       adsurl = {https://ui.adsabs.harvard.edu/abs/2003ApJ...588..218A},
      adsnote = {Provided by the SAO/NASA Astrophysics Data System}
}


@ARTICLE{Conselice2003,
       author = {{Conselice}, Christopher J.},
        title = "{The Relationship between Stellar Light Distributions of Galaxies and Their Formation Histories}",
      journal = {\apjs},
     keywords = {Galaxies: Evolution, Galaxies: Formation, Galaxies: Structure, Astrophysics},
         year = 2003,
        month = jul,
       volume = {147},
       number = {1},
        pages = {1-28},
          doi = {10.1086/375001},
archivePrefix = {arXiv},
       eprint = {astro-ph/0303065},
 primaryClass = {astro-ph},
       adsurl = {https://ui.adsabs.harvard.edu/abs/2003ApJS..147....1C},
      adsnote = {Provided by the SAO/NASA Astrophysics Data System}
}


@ARTICLE{Lotz2004,
       author = {{Lotz}, Jennifer M. and {Primack}, Joel and {Madau}, Piero},
        title = "{A New Nonparametric Approach to Galaxy Morphological Classification}",
      journal = {\aj},
     keywords = {Galaxies: Fundamental Parameters, Galaxies: High-Redshift, Galaxies: Peculiar, Galaxies: Structure, Astrophysics},
         year = 2004,
        month = jul,
       volume = {128},
       number = {1},
        pages = {163-182},
          doi = {10.1086/421849},
archivePrefix = {arXiv},
       eprint = {astro-ph/0311352},
 primaryClass = {astro-ph},
       adsurl = {https://ui.adsabs.harvard.edu/abs/2004AJ....128..163L},
      adsnote = {Provided by the SAO/NASA Astrophysics Data System}
}


@ARTICLE{statmorph,
       author = {{Rodriguez-Gomez}, Vicente and {Snyder}, Gregory F. and {Lotz}, Jennifer M. and {Nelson}, Dylan and {Pillepich}, Annalisa and {Springel}, Volker and {Genel}, Shy and {Weinberger}, Rainer and {Tacchella}, Sandro and {Pakmor}, R{\"u}diger and {Torrey}, Paul and {Marinacci}, Federico and {Vogelsberger}, Mark and {Hernquist}, Lars and {Thilker}, David A.},
        title = "{The optical morphologies of galaxies in the IllustrisTNG simulation: a comparison to Pan-STARRS observations}",
      journal = {\mnras},
     keywords = {methods: numerical, techniques: image processing, galaxies: formation, galaxies: statistics, galaxies: structure, Astrophysics - Astrophysics of Galaxies, Astrophysics - Cosmology and Nongalactic Astrophysics},
         year = 2019,
        month = mar,
       volume = {483},
       number = {3},
        pages = {4140-4159},
          doi = {10.1093/mnras/sty3345},
archivePrefix = {arXiv},
       eprint = {1809.08239},
 primaryClass = {astro-ph.GA},
       adsurl = {https://ui.adsabs.harvard.edu/abs/2019MNRAS.483.4140R},
      adsnote = {Provided by the SAO/NASA Astrophysics Data System}
}


@ARTICLE{Melchior2019,
       author = {{Melchior}, Peter and {Joseph}, R{\'e}my and {Moolekamp}, Fred},
        title = "{Proximal Adam: Robust Adaptive Update Scheme for Constrained Optimization}",
      journal = {arXiv e-prints},
     keywords = {Mathematics - Optimization and Control, Astrophysics - Instrumentation and Methods for Astrophysics, Electrical Engineering and Systems Science - Image and Video Processing},
         year = 2019,
        month = oct,
          eid = {arXiv:1910.10094},
        pages = {arXiv:1910.10094},
archivePrefix = {arXiv},
       eprint = {1910.10094},
 primaryClass = {math.OC},
       adsurl = {https://ui.adsabs.harvard.edu/abs/2019arXiv191010094M},
      adsnote = {Provided by the SAO/NASA Astrophysics Data System}
}


@Inbook{Starck2015,
    author="Starck, Jean-Luc
    and Murtagh, Fionn
    and Bertero, Mario",
    editor="Scherzer, Otmar",
    title="Starlet Transform in Astronomical Data Processing",
    bookTitle="Handbook of Mathematical Methods in Imaging",
    year="2015",
    publisher="Springer New York",
    address="New York, NY",
    pages="2053--2098",
    abstract="We begin with traditional source detection algorithms in astronomy. We then introduce the sparsity data model. The starlet wavelet transform serves as our main focus in this article. Sparse modeling and noise modeling are described. Applications to object detection and characterization, and to image filtering and deconvolution, are discussed. The multiscale vision model is a further development of this work, which can allow for image reconstruction when the point spread function is not known or not known well. Bayesian and other algorithms are described for image restoration. A range of examples is used to illustrate the algorithms.",
    isbn="978-1-4939-0790-8",
    doi="10.1007/978-1-4939-0790-8_34",
    url="https://doi.org/10.1007/978-1-4939-0790-8_34"
}


@ARTICLE{Irwin1985,
       author = {{Irwin}, M.~J.},
        title = "{Automatic analysis of crowded fields.}",
      journal = {\mnras},
     keywords = {Astronomical Photometry, Automation, Background Radiation, Image Analysis, Parameter Identification, Computer Techniques, Data Reduction, Globular Clusters, Maximum Likelihood Estimates, Signal Detection, Sky Radiation, Astronomy},
         year = 1985,
        month = jun,
       volume = {214},
        pages = {575-604},
          doi = {10.1093/mnras/214.4.575},
       adsurl = {https://ui.adsabs.harvard.edu/abs/1985MNRAS.214..575I},
      adsnote = {Provided by the SAO/NASA Astrophysics Data System}
}


@ARTICLE{Akhlaghi2015,
       author = {{Akhlaghi}, Mohammad and {Ichikawa}, Takashi},
        title = "{Noise-based Detection and Segmentation of Nebulous Objects}",
      journal = {\apjs},
     keywords = {galaxies: irregular, galaxies: photometry, galaxies: structure, methods: data analysis, techniques: image processing, techniques: photometric, Astrophysics - Instrumentation and Methods for Astrophysics, Astrophysics - Cosmology and Nongalactic Astrophysics, Astrophysics - Astrophysics of Galaxies},
         year = 2015,
        month = sep,
       volume = {220},
       number = {1},
          eid = {1},
        pages = {1},
          doi = {10.1088/0067-0049/220/1/1},
archivePrefix = {arXiv},
       eprint = {1505.01664},
 primaryClass = {astro-ph.IM},
       adsurl = {https://ui.adsabs.harvard.edu/abs/2015ApJS..220....1A},
      adsnote = {Provided by the SAO/NASA Astrophysics Data System}
}


@ARTICLE{Melchior2018,
       author = {{Melchior}, P. and {Moolekamp}, F. and {Jerdee}, M. and {Armstrong}, R. and {Sun}, A. -L. and {Bosch}, J. and {Lupton}, R.},
        title = "{SCARLET: Source separation in multi-band images by Constrained Matrix Factorization}",
      journal = {Astronomy and Computing},
     keywords = {Methods, Data analysis, Techniques, Image processing, Galaxies, Non-negative matrix factorization, Astrophysics - Instrumentation and Methods for Astrophysics},
         year = 2018,
        month = jul,
       volume = {24},
          eid = {129},
        pages = {129},
          doi = {10.1016/j.ascom.2018.07.001},
archivePrefix = {arXiv},
       eprint = {1802.10157},
 primaryClass = {astro-ph.IM},
       adsurl = {https://ui.adsabs.harvard.edu/abs/2018A&C....24..129M},
      adsnote = {Provided by the SAO/NASA Astrophysics Data System}
}


@ARTICLE{Behroozi2010,
       author = {{Behroozi}, Peter S. and {Conroy}, Charlie and {Wechsler}, Risa H.},
        title = "{A Comprehensive Analysis of Uncertainties Affecting the Stellar Mass-Halo Mass Relation for 0 < z < 4}",
      journal = {\apj},
     keywords = {dark matter, galaxies: abundances, galaxies: evolution, galaxies: stellar content, Astrophysics - Cosmology and Extragalactic Astrophysics},
         year = 2010,
        month = jul,
       volume = {717},
       number = {1},
        pages = {379-403},
          doi = {10.1088/0004-637X/717/1/379},
archivePrefix = {arXiv},
       eprint = {1001.0015},
 primaryClass = {astro-ph.CO},
       adsurl = {https://ui.adsabs.harvard.edu/abs/2010ApJ...717..379B},
      adsnote = {Provided by the SAO/NASA Astrophysics Data System}
}


@ARTICLE{ELVES-II,
       author = {{Carlsten}, Scott G. and {Greene}, Jenny E. and {Beaton}, Rachael L. and {Greco}, Johnny P.},
        title = "{ELVES II: Globular Clusters and Nuclear Star Clusters of Dwarf Galaxies: the Importance of Environment}",
      journal = {\apj},
     keywords = {Dwarf galaxies, Nucleated dwarf galaxies, Globular star clusters, Galaxy evolution, Galaxy nuclei, 416, 1130, 656, 594, 609, Astrophysics - Astrophysics of Galaxies},
         year = 2022,
        month = mar,
       volume = {927},
       number = {1},
          eid = {44},
        pages = {44},
          doi = {10.3847/1538-4357/ac457e},
archivePrefix = {arXiv},
       eprint = {2105.03440},
 primaryClass = {astro-ph.GA},
       adsurl = {https://ui.adsabs.harvard.edu/abs/2022ApJ...927...44C},
      adsnote = {Provided by the SAO/NASA Astrophysics Data System}
}

@ARTICLE{ELVES-I,
       author = {{Carlsten}, Scott G. and {Greene}, Jenny E. and {Greco}, Johnny P. and {Beaton}, Rachael L. and {Kado-Fong}, Erin},
        title = "{Structures of Dwarf Satellites of Milky Way-like Galaxies: Morphology, Scaling Relations, and Intrinsic Shapes}",
      journal = {\apj},
     keywords = {416, 622, 2029, 594, Astrophysics - Astrophysics of Galaxies},
         year = 2021,
        month = dec,
       volume = {922},
       number = {2},
          eid = {267},
        pages = {267},
          doi = {10.3847/1538-4357/ac2581},
archivePrefix = {arXiv},
       eprint = {2105.03435},
 primaryClass = {astro-ph.GA},
       adsurl = {https://ui.adsabs.harvard.edu/abs/2021ApJ...922..267C},
      adsnote = {Provided by the SAO/NASA Astrophysics Data System}
}

@ARTICLE{CarlstenELVES2022,
       author = {{Carlsten}, Scott G. and {Greene}, Jenny E. and {Beaton}, Rachael L. and {Danieli}, Shany and {Greco}, Johnny P.},
        title = "{The Exploration of Local VolumE Satellites (ELVES) Survey: A Nearly Volume-Limited Sample of Nearby Dwarf Satellite Systems}",
      journal = {arXiv e-prints},
     keywords = {Astrophysics - Astrophysics of Galaxies},
         year = 2022,
        month = feb,
          eid = {arXiv:2203.00014},
        pages = {arXiv:2203.00014},
archivePrefix = {arXiv},
       eprint = {2203.00014},
 primaryClass = {astro-ph.GA},
       adsurl = {https://ui.adsabs.harvard.edu/abs/2022arXiv220300014C},
      adsnote = {Provided by the SAO/NASA Astrophysics Data System}
}


@ARTICLE{Bland-Hawthorn2016,
       author = {{Bland-Hawthorn}, Joss and {Gerhard}, Ortwin},
        title = "{The Galaxy in Context: Structural, Kinematic, and Integrated Properties}",
      journal = {\araa},
     keywords = {Astrophysics - Astrophysics of Galaxies},
         year = 2016,
        month = sep,
       volume = {54},
        pages = {529-596},
          doi = {10.1146/annurev-astro-081915-023441},
archivePrefix = {arXiv},
       eprint = {1602.07702},
 primaryClass = {astro-ph.GA},
       adsurl = {https://ui.adsabs.harvard.edu/abs/2016ARA&A..54..529B},
      adsnote = {Provided by the SAO/NASA Astrophysics Data System}
}


@ARTICLE{xSAGA-I,
       author = {{Wu}, John F. and {Peek}, J.~E.~G. and {Tollerud}, Erik J. and {Mao}, Yao-Yuan and {Nadler}, Ethan O. and {Geha}, Marla and {Wechsler}, Risa H. and {Kallivayalil}, Nitya and {Weiner}, Benjamin J.},
        title = "{Extending the SAGA Survey (xSAGA). I. Satellite Radial Profiles as a Function of Host-galaxy Properties}",
      journal = {\apj},
     keywords = {Dwarf galaxies, Galaxy evolution, Galaxy formation, Galaxy groups, Convolutional neural networks, 416, 594, 595, 597, 1938, Astrophysics - Astrophysics of Galaxies, Astrophysics - Instrumentation and Methods for Astrophysics},
         year = 2022,
        month = mar,
       volume = {927},
       number = {1},
          eid = {121},
        pages = {121},
          doi = {10.3847/1538-4357/ac4eea},
archivePrefix = {arXiv},
       eprint = {2112.01542},
 primaryClass = {astro-ph.GA},
       adsurl = {https://ui.adsabs.harvard.edu/abs/2022ApJ...927..121W},
      adsnote = {Provided by the SAO/NASA Astrophysics Data System}
}


@ARTICLE{SAGA-II,
       author = {{Mao}, Yao-Yuan and {Geha}, Marla and {Wechsler}, Risa H. and {Weiner}, Benjamin and {Tollerud}, Erik J. and {Nadler}, Ethan O. and {Kallivayalil}, Nitya},
        title = "{The SAGA Survey. II. Building a Statistical Sample of Satellite Systems around Milky Way-like Galaxies}",
      journal = {\apj},
     keywords = {Redshift surveys, Dwarf galaxies, Luminosity function, Galaxy physics, Galaxy dark matter halos, 1378, 416, 942, 612, 1880, Astrophysics - Astrophysics of Galaxies, Astrophysics - Cosmology and Nongalactic Astrophysics},
         year = 2021,
        month = feb,
       volume = {907},
       number = {2},
          eid = {85},
        pages = {85},
          doi = {10.3847/1538-4357/abce58},
archivePrefix = {arXiv},
       eprint = {2008.12783},
 primaryClass = {astro-ph.GA},
       adsurl = {https://ui.adsabs.harvard.edu/abs/2021ApJ...907...85M},
      adsnote = {Provided by the SAO/NASA Astrophysics Data System}
}


@ARTICLE{SAGA-I,
       author = {{Geha}, Marla and {Wechsler}, Risa H. and {Mao}, Yao-Yuan and {Tollerud}, Erik J. and {Weiner}, Benjamin and {Bernstein}, Rebecca and {Hoyle}, Ben and {Marchi}, Sebastian and {Marshall}, Phil J. and {Mu{\~n}oz}, Ricardo and {Lu}, Yu},
        title = "{The SAGA Survey. I. Satellite Galaxy Populations around Eight Milky Way Analogs}",
      journal = {\apj},
     keywords = {galaxies: dwarf, galaxies: halos, galaxies: luminosity function, mass function, galaxies: structure, Local Group, Astrophysics - Astrophysics of Galaxies, Astrophysics - Cosmology and Nongalactic Astrophysics},
         year = 2017,
        month = sep,
       volume = {847},
       number = {1},
          eid = {4},
        pages = {4},
          doi = {10.3847/1538-4357/aa8626},
archivePrefix = {arXiv},
       eprint = {1705.06743},
 primaryClass = {astro-ph.GA},
       adsurl = {https://ui.adsabs.harvard.edu/abs/2017ApJ...847....4G},
      adsnote = {Provided by the SAO/NASA Astrophysics Data System}
}


@ARTICLE{Licquia2015,
       author = {{Licquia}, Timothy C. and {Newman}, Jeffrey A.},
        title = "{Improved Estimates of the Milky Way's Stellar Mass and Star Formation Rate from Hierarchical Bayesian Meta-Analysis}",
      journal = {\apj},
     keywords = {Galaxy: bulge, Galaxy: disk, Galaxy: fundamental parameters, Galaxy: stellar content, methods: statistical, stars: formation, Astrophysics - Astrophysics of Galaxies},
         year = 2015,
        month = jun,
       volume = {806},
       number = {1},
          eid = {96},
        pages = {96},
          doi = {10.1088/0004-637X/806/1/96},
archivePrefix = {arXiv},
       eprint = {1407.1078},
 primaryClass = {astro-ph.GA},
       adsurl = {https://ui.adsabs.harvard.edu/abs/2015ApJ...806...96L},
      adsnote = {Provided by the SAO/NASA Astrophysics Data System}
}



@ARTICLE{Greene2022,
       author = {{E Greene}, Jenny and {Greco}, Johnny P. and {Goulding}, Andy D. and {Huang}, Song and {Kado-Fong}, Erin and {Danieli}, Shany and {Li}, Jiaxuan and {Kim}, Ji Hoon and {Komiyama}, Yutaka and {Leauthaud}, Alexie and {MacArthur}, Lauren A. and {Sifon}, Cristobal},
        title = "{The Nature of Low Surface Brightness Galaxies in the Hyper Suprime-Cam Survey}",
      journal = {arXiv e-prints},
     keywords = {Astrophysics - Astrophysics of Galaxies},
         year = 2022,
        month = apr,
          eid = {arXiv:2204.11883},
        pages = {arXiv:2204.11883},
archivePrefix = {arXiv},
       eprint = {2204.11883},
 primaryClass = {astro-ph.GA},
       adsurl = {https://ui.adsabs.harvard.edu/abs/2022arXiv220411883E},
      adsnote = {Provided by the SAO/NASA Astrophysics Data System}
}


@ARTICLE{Li2021,
       author = {{Li}, Jiaxuan and {Huang}, Song and {Leauthaud}, Alexie and {Moustakas}, John and {Danieli}, Shany and {Greene}, Jenny E. and {Abraham}, Roberto and {Ardila}, Felipe and {Kado-Fong}, Erin and {Lokhorst}, Deborah and {Lupton}, Robert and {Price}, Paul},
        title = "{Reaching for the Edge I: Probing the Outskirts of Massive Galaxies with HSC, DECaLS, SDSS, and Dragonfly}",
      journal = {arXiv e-prints},
     keywords = {Astrophysics - Astrophysics of Galaxies},
         year = 2021,
        month = nov,
          eid = {arXiv:2111.03557},
        pages = {arXiv:2111.03557},
archivePrefix = {arXiv},
       eprint = {2111.03557},
 primaryClass = {astro-ph.GA},
       adsurl = {https://ui.adsabs.harvard.edu/abs/2021arXiv211103557L},
      adsnote = {Provided by the SAO/NASA Astrophysics Data System}
}


@ARTICLE{Greco2018,
       author = {{Greco}, Johnny P. and {Greene}, Jenny E. and {Strauss}, Michael A. and {Macarthur}, Lauren A. and {Flowers}, Xzavier and {Goulding}, Andy D. and {Huang}, Song and {Kim}, Ji Hoon and {Komiyama}, Yutaka and {Leauthaud}, Alexie and {Leisman}, Lukas and {Lupton}, Robert H. and {Sif{\'o}n}, Crist{\'o}bal and {Wang}, Shiang-Yu},
        title = "{Illuminating Low Surface Brightness Galaxies with the Hyper Suprime-Cam Survey}",
      journal = {\apj},
     keywords = {galaxies: dwarf, galaxies: general, Astrophysics - Astrophysics of Galaxies},
         year = 2018,
        month = apr,
       volume = {857},
       number = {2},
          eid = {104},
        pages = {104},
          doi = {10.3847/1538-4357/aab842},
archivePrefix = {arXiv},
       eprint = {1709.04474},
 primaryClass = {astro-ph.GA},
       adsurl = {https://ui.adsabs.harvard.edu/abs/2018ApJ...857..104G},
      adsnote = {Provided by the SAO/NASA Astrophysics Data System}
}

@ARTICLE{Blanton2005,
       author = {{Blanton}, Michael R. and {Lupton}, Robert H. and {Schlegel}, David J. and {Strauss}, Michael A. and {Brinkmann}, J. and {Fukugita}, Masataka and {Loveday}, Jon},
        title = "{The Properties and Luminosity Function of Extremely Low Luminosity Galaxies}",
      journal = {\apj},
     keywords = {Galaxies: Dwarf, Galaxies: Fundamental Parameters, Galaxies: Luminosity Function, Mass Function, Galaxies: Statistics, Astrophysics},
         year = 2005,
        month = sep,
       volume = {631},
       number = {1},
        pages = {208-230},
          doi = {10.1086/431416},
archivePrefix = {arXiv},
       eprint = {astro-ph/0410164},
 primaryClass = {astro-ph},
       adsurl = {https://ui.adsabs.harvard.edu/abs/2005ApJ...631..208B},
      adsnote = {Provided by the SAO/NASA Astrophysics Data System}
}



@ARTICLE{Blanton2011,
       author = {{Blanton}, Michael R. and {Kazin}, Eyal and {Muna}, Demitri and {Weaver}, Benjamin A. and {Price-Whelan}, Adrian},
        title = "{Improved Background Subtraction for the Sloan Digital Sky Survey Images}",
      journal = {\aj},
     keywords = {atmospheric effects, galaxies: photometry, methods: data analysis, techniques: image processing, Astrophysics - Instrumentation and Methods for Astrophysics},
         year = 2011,
        month = jul,
       volume = {142},
       number = {1},
          eid = {31},
        pages = {31},
          doi = {10.1088/0004-6256/142/1/31},
archivePrefix = {arXiv},
       eprint = {1105.1960},
 primaryClass = {astro-ph.IM},
       adsurl = {https://ui.adsabs.harvard.edu/abs/2011AJ....142...31B},
      adsnote = {Provided by the SAO/NASA Astrophysics Data System}
}

@ARTICLE{York2000,
       author = {{York}, Donald G. and {Adelman}, J. and {Anderson}, John E., Jr. and {Anderson}, Scott F. and {Annis}, James and {Bahcall}, Neta A. and {Bakken}, J.~A. and {Barkhouser}, Robert and {Bastian}, Steven and {Berman}, Eileen and {Boroski}, William N. and {Bracker}, Steve and {Briegel}, Charlie and {Briggs}, John W. and {Brinkmann}, J. and {Brunner}, Robert and {Burles}, Scott and {Carey}, Larry and {Carr}, Michael A. and {Castander}, Francisco J. and {Chen}, Bing and {Colestock}, Patrick L. and {Connolly}, A.~J. and {Crocker}, J.~H. and {Csabai}, Istv{\'a}n and {Czarapata}, Paul C. and {Davis}, John Eric and {Doi}, Mamoru and {Dombeck}, Tom and {Eisenstein}, Daniel and {Ellman}, Nancy and {Elms}, Brian R. and {Evans}, Michael L. and {Fan}, Xiaohui and {Federwitz}, Glenn R. and {Fiscelli}, Larry and {Friedman}, Scott and {Frieman}, Joshua A. and {Fukugita}, Masataka and {Gillespie}, Bruce and {Gunn}, James E. and {Gurbani}, Vijay K. and {de Haas}, Ernst and {Haldeman}, Merle and {Harris}, Frederick H. and {Hayes}, J. and {Heckman}, Timothy M. and {Hennessy}, G.~S. and {Hindsley}, Robert B. and {Holm}, Scott and {Holmgren}, Donald J. and {Huang}, Chi-hao and {Hull}, Charles and {Husby}, Don and {Ichikawa}, Shin-Ichi and {Ichikawa}, Takashi and {Ivezi{\'c}}, {\v{Z}}eljko and {Kent}, Stephen and {Kim}, Rita S.~J. and {Kinney}, E. and {Klaene}, Mark and {Kleinman}, A.~N. and {Kleinman}, S. and {Knapp}, G.~R. and {Korienek}, John and {Kron}, Richard G. and {Kunszt}, Peter Z. and {Lamb}, D.~Q. and {Lee}, B. and {Leger}, R. French and {Limmongkol}, Siriluk and {Lindenmeyer}, Carl and {Long}, Daniel C. and {Loomis}, Craig and {Loveday}, Jon and {Lucinio}, Rich and {Lupton}, Robert H. and {MacKinnon}, Bryan and {Mannery}, Edward J. and {Mantsch}, P.~M. and {Margon}, Bruce and {McGehee}, Peregrine and {McKay}, Timothy A. and {Meiksin}, Avery and {Merelli}, Aronne and {Monet}, David G. and {Munn}, Jeffrey A. and {Narayanan}, Vijay K. and {Nash}, Thomas and {Neilsen}, Eric and {Neswold}, Rich and {Newberg}, Heidi Jo and {Nichol}, R.~C. and {Nicinski}, Tom and {Nonino}, Mario and {Okada}, Norio and {Okamura}, Sadanori and {Ostriker}, Jeremiah P. and {Owen}, Russell and {Pauls}, A. George and {Peoples}, John and {Peterson}, R.~L. and {Petravick}, Donald and {Pier}, Jeffrey R. and {Pope}, Adrian and {Pordes}, Ruth and {Prosapio}, Angela and {Rechenmacher}, Ron and {Quinn}, Thomas R. and {Richards}, Gordon T. and {Richmond}, Michael W. and {Rivetta}, Claudio H. and {Rockosi}, Constance M. and {Ruthmansdorfer}, Kurt and {Sandford}, Dale and {Schlegel}, David J. and {Schneider}, Donald P. and {Sekiguchi}, Maki and {Sergey}, Gary and {Shimasaku}, Kazuhiro and {Siegmund}, Walter A. and {Smee}, Stephen and {Smith}, J. Allyn and {Snedden}, S. and {Stone}, R. and {Stoughton}, Chris and {Strauss}, Michael A. and {Stubbs}, Christopher and {SubbaRao}, Mark and {Szalay}, Alexander S. and {Szapudi}, Istvan and {Szokoly}, Gyula P. and {Thakar}, Anirudda R. and {Tremonti}, Christy and {Tucker}, Douglas L. and {Uomoto}, Alan and {Vanden Berk}, Dan and {Vogeley}, Michael S. and {Waddell}, Patrick and {Wang}, Shu-i. and {Watanabe}, Masaru and {Weinberg}, David H. and {Yanny}, Brian and {Yasuda}, Naoki and {SDSS Collaboration}},
        title = "{The Sloan Digital Sky Survey: Technical Summary}",
      journal = {\aj},
     keywords = {Cosmology: Observations, Instrumentation: Miscellaneous, Astrophysics},
         year = 2000,
        month = sep,
       volume = {120},
       number = {3},
        pages = {1579-1587},
          doi = {10.1086/301513},
archivePrefix = {arXiv},
       eprint = {astro-ph/0006396},
 primaryClass = {astro-ph},
       adsurl = {https://ui.adsabs.harvard.edu/abs/2000AJ....120.1579Y},
      adsnote = {Provided by the SAO/NASA Astrophysics Data System}
}

@ARTICLE{Hearin2017,
       author = {{Hearin}, Andrew P. and {Campbell}, Duncan and {Tollerud}, Erik and {Behroozi}, Peter and {Diemer}, Benedikt and {Goldbaum}, Nathan J. and {Jennings}, Elise and {Leauthaud}, Alexie and {Mao}, Yao-Yuan and {More}, Surhud and {Parejko}, John and {Sinha}, Manodeep and {Sip{\"o}cz}, Brigitta and {Zentner}, Andrew},
        title = "{Forward Modeling of Large-scale Structure: An Open-source Approach with Halotools}",
      journal = {\aj},
     keywords = {cosmology: theory, galaxies: halos, galaxies: statistics, large-scale structure of universe, Astrophysics - Instrumentation and Methods for Astrophysics, Astrophysics - Cosmology and Nongalactic Astrophysics, Astrophysics - Astrophysics of Galaxies},
         year = 2017,
        month = nov,
       volume = {154},
       number = {5},
          eid = {190},
        pages = {190},
          doi = {10.3847/1538-3881/aa859f},
archivePrefix = {arXiv},
       eprint = {1606.04106},
 primaryClass = {astro-ph.IM},
       adsurl = {https://ui.adsabs.harvard.edu/abs/2017AJ....154..190H},
      adsnote = {Provided by the SAO/NASA Astrophysics Data System}
}



@ARTICLE{Bosch2018,
       author = {{Bosch}, James and {Armstrong}, Robert and {Bickerton}, Steven and
         {Furusawa}, Hisanori and {Ikeda}, Hiroyuki and {Koike}, Michitaro and
         {Lupton}, Robert and {Mineo}, Sogo and {Price}, Paul and
         {Takata}, Tadafumi and {Tanaka}, Masayuki and {Yasuda}, Naoki and
         {AlSayyad}, Yusra and {Becker}, Andrew C. and {Coulton}, William and
         {Coupon}, Jean and {Garmilla}, Jose and {Huang}, Song and
         {Krughoff}, K. Simon and {Lang}, Dustin and {Leauthaud}, Alexie and
         {Lim}, Kian-Tat and {Lust}, Nate B. and {MacArthur}, Lauren A. and {Mand
        elbaum}, Rachel and {Miyatake}, Hironao and {Miyazaki}, Satoshi and
         {Murata}, Ryoma and {More}, Surhud and {Okura}, Yuki and
         {Owen}, Russell and {Swinbank}, John D. and {Strauss}, Michael A. and
         {Yamada}, Yoshihiko and {Yamanoi}, Hitomi},
        title = "{The Hyper Suprime-Cam software pipeline}",
      journal = {\pasj},
     keywords = {methods: data analysis, surveys, techniques: image processing, Astrophysics - Instrumentation and Methods for Astrophysics},
         year = "2018",
        month = "Jan",
       volume = {70},
          eid = {S5},
        pages = {S5},
          doi = {10.1093/pasj/psx080},
archivePrefix = {arXiv},
       eprint = {1705.06766},
 primaryClass = {astro-ph.IM},
       adsurl = {https://ui.adsabs.harvard.edu/abs/2018PASJ...70S...5B},
      adsnote = {Provided by the SAO/NASA Astrophysics Data System}
}


@ARTICLE{vdBurg2017,
       author = {{van der Burg}, Remco F.~J. and {Hoekstra}, Henk and {Muzzin}, Adam and {Sif{\'o}n}, Crist{\'o}bal and {Viola}, Massimo and {Bremer}, Malcolm N. and {Brough}, Sarah and {Driver}, Simon P. and {Erben}, Thomas and {Heymans}, Catherine and {Hildebrandt}, Hendrik and {Holwerda}, Benne W. and {Klaes}, Dominik and {Kuijken}, Konrad and {McGee}, Sean and {Nakajima}, Reiko and {Napolitano}, Nicola and {Norberg}, Peder and {Taylor}, Edward N. and {Valentijn}, Edwin},
        title = "{The abundance of ultra-diffuse galaxies from groups to clusters. UDGs are relatively more common in more massive haloes}",
      journal = {\aap},
     keywords = {galaxies: dwarf, galaxies: formation, galaxies: evolution, galaxies: structure, galaxies: groups: general, galaxies: clusters: general, Astrophysics - Astrophysics of Galaxies},
         year = 2017,
        month = nov,
       volume = {607},
          eid = {A79},
        pages = {A79},
          doi = {10.1051/0004-6361/201731335},
archivePrefix = {arXiv},
       eprint = {1706.02704},
 primaryClass = {astro-ph.GA},
       adsurl = {https://ui.adsabs.harvard.edu/abs/2017A&A...607A..79V},
      adsnote = {Provided by the SAO/NASA Astrophysics Data System}
}

@ARTICLE{vdBurg2016,
       author = {{van der Burg}, Remco F.~J. and {Muzzin}, Adam and {Hoekstra}, Henk},
        title = "{The abundance and spatial distribution of ultra-diffuse galaxies in nearby galaxy clusters}",
      journal = {\aap},
     keywords = {galaxies: dwarf, galaxies: formation, galaxies: evolution, galaxies: clusters: general, Astrophysics - Astrophysics of Galaxies},
         year = 2016,
        month = may,
       volume = {590},
          eid = {A20},
        pages = {A20},
          doi = {10.1051/0004-6361/201628222},
archivePrefix = {arXiv},
       eprint = {1602.00002},
 primaryClass = {astro-ph.GA},
       adsurl = {https://ui.adsabs.harvard.edu/abs/2016A&A...590A..20V},
      adsnote = {Provided by the SAO/NASA Astrophysics Data System}
}


@ARTICLE{SDSS-DR8,
       author = {{Aihara}, Hiroaki and {Allende Prieto}, Carlos and {An}, Deokkeun and {Anderson}, Scott F. and {Aubourg}, {\'E}ric and {Balbinot}, Eduardo and {Beers}, Timothy C. and {Berlind}, Andreas A. and {Bickerton}, Steven J. and {Bizyaev}, Dmitry and {Blanton}, Michael R. and {Bochanski}, John J. and {Bolton}, Adam S. and {Bovy}, Jo and {Brandt}, W.~N. and {Brinkmann}, J. and {Brown}, Peter J. and {Brownstein}, Joel R. and {Busca}, Nicolas G. and {Campbell}, Heather and {Carr}, Michael A. and {Chen}, Yanmei and {Chiappini}, Cristina and {Comparat}, Johan and {Connolly}, Natalia and {Cortes}, Marina and {Croft}, Rupert A.~C. and {Cuesta}, Antonio J. and {da Costa}, Luiz N. and {Davenport}, James R.~A. and {Dawson}, Kyle and {Dhital}, Saurav and {Ealet}, Anne and {Ebelke}, Garrett L. and {Edmondson}, Edward M. and {Eisenstein}, Daniel J. and {Escoffier}, Stephanie and {Esposito}, Massimiliano and {Evans}, Michael L. and {Fan}, Xiaohui and {Femen{\'\i}a Castell{\'a}}, Bruno and {Font-Ribera}, Andreu and {Frinchaboy}, Peter M. and {Ge}, Jian and {Gillespie}, Bruce A. and {Gilmore}, G. and {Gonz{\'a}lez Hern{\'a}ndez}, Jonay I. and {Gott}, J. Richard and {Gould}, Andrew and {Grebel}, Eva K. and {Gunn}, James E. and {Hamilton}, Jean-Christophe and {Harding}, Paul and {Harris}, David W. and {Hawley}, Suzanne L. and {Hearty}, Frederick R. and {Ho}, Shirley and {Hogg}, David W. and {Holtzman}, Jon A. and {Honscheid}, Klaus and {Inada}, Naohisa and {Ivans}, Inese I. and {Jiang}, Linhua and {Johnson}, Jennifer A. and {Jordan}, Cathy and {Jordan}, Wendell P. and {Kazin}, Eyal A. and {Kirkby}, David and {Klaene}, Mark A. and {Knapp}, G.~R. and {Kneib}, Jean-Paul and {Kochanek}, C.~S. and {Koesterke}, Lars and {Kollmeier}, Juna A. and {Kron}, Richard G. and {Lampeitl}, Hubert and {Lang}, Dustin and {Le Goff}, Jean-Marc and {Lee}, Young Sun and {Lin}, Yen-Ting and {Long}, Daniel C. and {Loomis}, Craig P. and {Lucatello}, Sara and {Lundgren}, Britt and {Lupton}, Robert H. and {Ma}, Zhibo and {MacDonald}, Nicholas and {Mahadevan}, Suvrath and {Maia}, Marcio A.~G. and {Makler}, Martin and {Malanushenko}, Elena and {Malanushenko}, Viktor and {Mandelbaum}, Rachel and {Maraston}, Claudia and {Margala}, Daniel and {Masters}, Karen L. and {McBride}, Cameron K. and {McGehee}, Peregrine M. and {McGreer}, Ian D. and {M{\'e}nard}, Brice and {Miralda-Escud{\'e}}, Jordi and {Morrison}, Heather L. and {Mullally}, F. and {Muna}, Demitri and {Munn}, Jeffrey A. and {Murayama}, Hitoshi and {Myers}, Adam D. and {Naugle}, Tracy and {Neto}, Angelo Fausti and {Nguyen}, Duy Cuong and {Nichol}, Robert C. and {O'Connell}, Robert W. and {Ogando}, Ricardo L.~C. and {Olmstead}, Matthew D. and {Oravetz}, Daniel J. and {Padmanabhan}, Nikhil and {Palanque-Delabrouille}, Nathalie and {Pan}, Kaike and {Pandey}, Parul and {P{\^a}ris}, Isabelle and {Percival}, Will J. and {Petitjean}, Patrick and {Pfaffenberger}, Robert and {Pforr}, Janine and {Phleps}, Stefanie and {Pichon}, Christophe and {Pieri}, Matthew M. and {Prada}, Francisco and {Price-Whelan}, Adrian M. and {Raddick}, M. Jordan and {Ramos}, Beatriz H.~F. and {Reyl{\'e}}, C{\'e}line and {Rich}, James and {Richards}, Gordon T. and {Rix}, Hans-Walter and {Robin}, Annie C. and {Rocha-Pinto}, Helio J. and {Rockosi}, Constance M. and {Roe}, Natalie A. and {Rollinde}, Emmanuel and {Ross}, Ashley J. and {Ross}, Nicholas P. and {Rossetto}, Bruno M. and {S{\'a}nchez}, Ariel G. and {Sayres}, Conor and {Schlegel}, David J. and {Schlesinger}, Katharine J. and {Schmidt}, Sarah J. and {Schneider}, Donald P. and {Sheldon}, Erin and {Shu}, Yiping and {Simmerer}, Jennifer and {Simmons}, Audrey E. and {Sivarani}, Thirupathi and {Snedden}, Stephanie A. and {Sobeck}, Jennifer S. and {Steinmetz}, Matthias and {Strauss}, Michael A. and {Szalay}, Alexander S. and {Tanaka}, Masayuki and {Thakar}, Aniruddha R. and {Thomas}, Daniel and {Tinker}, Jeremy L. and {Tofflemire}, Benjamin M. and {Tojeiro}, Rita and {Tremonti}, Christy A. and {Vandenberg}, Jan and {Vargas Maga{\~n}a}, M. and {Verde}, Licia and {Vogt}, Nicole P. and {Wake}, David A. and {Wang}, Ji and {Weaver}, Benjamin A. and {Weinberg}, David H. and {White}, Martin and {White}, Simon D.~M. and {Yanny}, Brian and {Yasuda}, Naoki and {Yeche}, Christophe and {Zehavi}, Idit},
        title = "{The Eighth Data Release of the Sloan Digital Sky Survey: First Data from SDSS-III}",
      journal = {\apjs},
     keywords = {atlases, catalogs, surveys, Astrophysics - Instrumentation and Methods for Astrophysics},
         year = 2011,
        month = apr,
       volume = {193},
       number = {2},
          eid = {29},
        pages = {29},
          doi = {10.1088/0067-0049/193/2/29},
archivePrefix = {arXiv},
       eprint = {1101.1559},
 primaryClass = {astro-ph.IM},
       adsurl = {https://ui.adsabs.harvard.edu/abs/2011ApJS..193...29A},
      adsnote = {Provided by the SAO/NASA Astrophysics Data System}
}



@ARTICLE{Aihara2022,
       author = {{Aihara}, Hiroaki and {AlSayyad}, Yusra and {Ando}, Makoto and {Armstrong}, Robert and {Bosch}, James and {Egami}, Eiichi and {Furusawa}, Hisanori and {Furusawa}, Junko and {Harasawa}, Sumiko and {Harikane}, Yuichi and {Hsieh}, Bau-Ching and {Ikeda}, Hiroyuki and {Ito}, Kei and {Iwata}, Ikuru and {Kodama}, Tadayuki and {Koike}, Michitaro and {Kokubo}, Mitsuru and {Komiyama}, Yutaka and {Li}, Xiangchong and {Liang}, Yongming and {Lin}, Yen-Ting and {Lupton}, Robert H. and {Lust}, Nate B. and {MacArthur}, Lauren A. and {Mawatari}, Ken and {Mineo}, Sogo and {Miyatake}, Hironao and {Miyazaki}, Satoshi and {More}, Surhud and {Morishima}, Takahiro and {Murayama}, Hitoshi and {Nakajima}, Kimihiko and {Nakata}, Fumiaki and {Nishizawa}, Atsushi J. and {Oguri}, Masamune and {Okabe}, Nobuhiro and {Okura}, Yuki and {Ono}, Yoshiaki and {Osato}, Ken and {Ouchi}, Masami and {Pan}, Yen-Chen and {Plazas Malag{\'o}n}, Andr{\'e}s A. and {Price}, Paul A. and {Reed}, Sophie L. and {Rykoff}, Eli S. and {Shibuya}, Takatoshi and {Simunovic}, Mirko and {Strauss}, Michael A. and {Sugimori}, Kanako and {Suto}, Yasushi and {Suzuki}, Nao and {Takada}, Masahiro and {Takagi}, Yuhei and {Takata}, Tadafumi and {Takita}, Satoshi and {Tanaka}, Masayuki and {Tang}, Shenli and {Taranu}, Dan S. and {Terai}, Tsuyoshi and {Toba}, Yoshiki and {Turner}, Edwin L. and {Uchiyama}, Hisakazu and {Vijarnwannaluk}, Bovornpratch and {Waters}, Christopher Z. and {Yamada}, Yoshihiko and {Yamamoto}, Naoaki and {Yamashita}, Takuji},
        title = "{Third data release of the Hyper Suprime-Cam Subaru Strategic Program}",
      journal = {\pasj},
     keywords = {astronomical databases: miscellaneous, cosmology: observations, galaxies: general, surveys, Astrophysics - Instrumentation and Methods for Astrophysics, Astrophysics - Cosmology and Nongalactic Astrophysics, Astrophysics - Astrophysics of Galaxies},
         year = 2022,
        month = apr,
       volume = {74},
       number = {2},
        pages = {247-272},
          doi = {10.1093/pasj/psab122},
archivePrefix = {arXiv},
       eprint = {2108.13045},
 primaryClass = {astro-ph.IM},
       adsurl = {https://ui.adsabs.harvard.edu/abs/2022PASJ...74..247A},
      adsnote = {Provided by the SAO/NASA Astrophysics Data System}
}


@ARTICLE{Aihara2018,
       author = {{Aihara}, Hiroaki and {Arimoto}, Nobuo and {Armstrong}, Robert and
        {Arnouts}, St{\'e}phane and {Bahcall}, Neta A. and {Bickerton},
        Steven and {Bosch}, James and {Bundy}, Kevin and {Capak}, Peter
        L. and {Chan}, James H.~H. and {Chiba}, Masashi and {Coupon},
        Jean and {Egami}, Eiichi and {Enoki}, Motohiro and {Finet},
        Francois and {Fujimori}, Hiroki and {Fujimoto}, Seiji and
        {Furusawa}, Hisanori and {Furusawa}, Junko and {Goto}, Tomotsugu
        and {Goulding}, Andy and {Greco}, Johnny P. and {Greene}, Jenny
        E. and {Gunn}, James E. and {Hamana}, Takashi and {Harikane},
        Yuichi and {Hashimoto}, Yasuhiro and {Hattori}, Takashi and
        {Hayashi}, Masao and {Hayashi}, Yusuke and {He{\l}miniak},
        Krzysztof G. and {Higuchi}, Ryo and {Hikage}, Chiaki and {Ho},
        Paul T.~P. and {Hsieh}, Bau-Ching and {Huang}, Kuiyun and
        {Huang}, Song and {Ikeda}, Hiroyuki and {Imanishi}, Masatoshi
        and {Inoue}, Akio K. and {Iwasawa}, Kazushi and {Iwata}, Ikuru
        and {Jaelani}, Anton T. and {Jian}, Hung-Yu and {Kamata}, Yukiko
        and {Karoji}, Hiroshi and {Kashikawa}, Nobunari and {Katayama},
        Nobuhiko and {Kawanomoto}, Satoshi and {Kayo}, Issha and {Koda},
        Jin and {Koike}, Michitaro and {Kojima}, Takashi and {Komiyama},
        Yutaka and {Konno}, Akira and {Koshida}, Shintaro and {Koyama},
        Yusei and {Kusakabe}, Haruka and {Leauthaud}, Alexie and {Lee},
        Chien-Hsiu and {Lin}, Lihwai and {Lin}, Yen-Ting and {Lupton},
        Robert H. and {Mandelbaum}, Rachel and {Matsuoka}, Yoshiki and
        {Medezinski}, Elinor and {Mineo}, Sogo and {Miyama}, Shoken and
        {Miyatake}, Hironao and {Miyazaki}, Satoshi and {Momose}, Rieko
        and {More}, Anupreeta and {More}, Surhud and {Moritani}, Yuki
        and {Moriya}, Takashi J. and {Morokuma}, Tomoki and {Mukae},
        Shiro and {Murata}, Ryoma and {Murayama}, Hitoshi and {Nagao},
        Tohru and {Nakata}, Fumiaki and {Niida}, Mana and {Niikura},
        Hiroko and {Nishizawa}, Atsushi J. and {Obuchi}, Yoshiyuki and
        {Oguri}, Masamune and {Oishi}, Yukie and {Okabe}, Nobuhiro and
        {Okamoto}, Sakurako and {Okura}, Yuki and {Ono}, Yoshiaki and
        {Onodera}, Masato and {Onoue}, Masafusa and {Osato}, Ken and
        {Ouchi}, Masami and {Price}, Paul A. and {Pyo}, Tae-Soo and
        {Sako}, Masao and {Sawicki}, Marcin and {Shibuya}, Takatoshi and
        {Shimasaku}, Kazuhiro and {Shimono}, Atsushi and {Shirasaki},
        Masato and {Silverman}, John D. and {Simet}, Melanie and
        {Speagle}, Joshua and {Spergel}, David N. and {Strauss}, Michael
        A. and {Sugahara}, Yuma and {Sugiyama}, Naoshi and {Suto},
        Yasushi and {Suyu}, Sherry H. and {Suzuki}, Nao and {Tait},
        Philip J. and {Takada}, Masahiro and {Takata}, Tadafumi and
        {Tamura}, Naoyuki and {Tanaka}, Manobu M. and {Tanaka}, Masaomi
        and {Tanaka}, Masayuki and {Tanaka}, Yoko and {Terai}, Tsuyoshi
        and {Terashima}, Yuichi and {Toba}, Yoshiki and {Tominaga},
        Nozomu and {Toshikawa}, Jun and {Turner}, Edwin L. and {Uchida},
        Tomohisa and {Uchiyama}, Hisakazu and {Umetsu}, Keiichi and
        {Uraguchi}, Fumihiro and {Urata}, Yuji and {Usuda}, Tomonori and
        {Utsumi}, Yousuke and {Wang}, Shiang-Yu and {Wang}, Wei-Hao and
        {Wong}, Kenneth C. and {Yabe}, Kiyoto and {Yamada}, Yoshihiko
        and {Yamanoi}, Hitomi and {Yasuda}, Naoki and {Yeh}, Sherry and
        {Yonehara}, Atsunori and {Yuma}, Suraphong},
        title = "{The Hyper Suprime-Cam SSP Survey: Overview and survey design}",
      journal = {Publications of the Astronomical Society of Japan},
     keywords = {cosmology: observations, galaxies: general, large-scale structure of universe, surveys, Astrophysics - Instrumentation and Methods for Astrophysics},
         year = 2018,
        month = Jan,
       volume = {70},
          eid = {S4},
        pages = {S4},
          doi = {10.1093/pasj/psx066},
archivePrefix = {arXiv},
       eprint = {1704.05858},
 primaryClass = {astro-ph.IM},
       adsurl = {https://ui.adsabs.harvard.edu/\#abs/2018PASJ...70S...4A},
      adsnote = {Provided by the SAO/NASA Astrophysics Data System}
}

@ARTICLE{Miyazaki2012,
    author = {{Miyazaki}, Satoshi and Komiyama, {Yutaka} and {Nakaya}, Hidehiko and {Kamata}, Yukiko and {Doi}, Yoshi and {Hamana} Takashi and {Karoji}, Hiroshi and {Furusawa}, Hisanori and {Kawanomoto}, Satoshi and {Morokuma}, Tomoki and {Ishizuka}, Yuki and {Nariai}, Kyoji and et al.},
    title = {Hyper Suprime-Cam},
    journal = {Proc.SPIE},
    volume = {8446},
    number = {},
    pages = {8446 - 8446 - 9},
    year = {2012},
    doi = {10.1117/12.926844},
    URL = {https://doi.org/10.1117/12.926844},
    eprint = {}
}

@ARTICLE{Miyazaki2018,
   author = {{Miyazaki}, S. and {Komiyama}, Y. and {Kawanomoto}, S. and {Doi}, Y. and 
	{Furusawa}, H. and {Hamana}, T. and {Hayashi}, Y. and {Ikeda}, H. and 
	{Kamata}, Y. and {Karoji}, H. and {Koike}, M. and {Kurakami}, T. and 
	{Miyama}, S. and {Morokuma}, T. and {Nakata}, F. and {Namikawa}, K. and 
	{Nakaya}, H. and {Nariai}, K. and {Obuchi}, Y. and {Oishi}, Y. and 
	{Okada}, N. and {Okura}, Y. and {Tait}, P. and {Takata}, T. and 
	{Tanaka}, Y. and {Tanaka}, M. and {Terai}, T. and {Tomono}, D. and 
	{Uraguchi}, F. and {Usuda}, T. and {Utsumi}, Y. and {Yamada}, Y. and 
	{Yamanoi}, H. and {Aihara}, H. and {Fujimori}, H. and {Mineo}, S. and 
	{Miyatake}, H. and {Oguri}, M. and {Uchida}, T. and {Tanaka}, M.~M. and 
	{Yasuda}, N. and {Takada}, M. and {Murayama}, H. and {Nishizawa}, A.~J. and 
	{Sugiyama}, N. and {Chiba}, M. and {Futamase}, T. and {Wang}, S.-Y. and 
	{Chen}, H.-Y. and {Ho}, P.~T.~P. and {Liaw}, E.~J.~Y. and {Chiu}, C.-F. and 
	{Ho}, C.-L. and {Lai}, T.-C. and {Lee}, Y.-C. and {Jeng}, D.-Z. and 
	{Iwamura}, S. and {Armstrong}, R. and {Bickerton}, S. and {Bosch}, J. and 
	{Gunn}, J.~E. and {Lupton}, R.~H. and {Loomis}, C. and {Price}, P. and 
	{Smith}, S. and {Strauss}, M.~A. and {Turner}, E.~L. and {Suzuki}, H. and 
	{Miyazaki}, Y. and {Muramatsu}, M. and {Yamamoto}, K. and {Endo}, M. and 
	{Ezaki}, Y. and {Ito}, N. and {Kawaguchi}, N. and {Sofuku}, S. and 
	{Taniike}, T. and {Akutsu}, K. and {Dojo}, N. and {Kasumi}, K. and 
	{Matsuda}, T. and {Imoto}, K. and {Miwa}, Y. and {Suzuki}, M. and 
	{Takeshi}, K. and {Yokota}, H.},
    title = "{Hyper Suprime-Cam: System design and verification of image quality}",
  journal = {\pasj},
 keywords = {instrumentation: detectors, techniques: image processing, telescopes},
     year = 2018,
    month = jan,
   volume = 70,
      eid = {S1},
    pages = {S1},
      doi = {10.1093/pasj/psx063},
   adsurl = {http://adsabs.harvard.edu/abs/2018PASJ...70S...1M},
  adsnote = {Provided by the SAO/NASA Astrophysics Data System}
}

@INPROCEEDINGS{LSST-pipeline,
       author = {{Juri{\'c}}, M. and {Kantor}, J. and {Lim}, K. -T. and {Lupton}, R.~H. and
         {Dubois-Felsmann}, G. and {Jenness}, T. and {Axelrod}, T.~S. and
         {Aleksi{\'c}}, J. and {Allsman}, R.~A. and {AlSayyad}, Y. and
         {Alt}, J. and {Armstrong}, R. and {Basney}, J. and {Becker}, A.~C. and
         {Becla}, J. and {Biswas}, R. and {Bosch}, J. and {Boutigny}, D. and
         {Kind}, M.~C. and {Ciardi}, D.~R. and {Connolly}, A.~J. and
         {Daniel}, S.~F. and {Daues}, G.~E. and {Economou}, F. and
         {Chiang}, H. -F. and {Fausti}, A. and {Fisher-Levine}, M. and
         {Freemon}, D.~M. and {Gris}, P. and {Hernandez}, F. and {Hoblitt}, J. and
         {Ivezi{\'c}}, Z. and {Jammes}, F. and {Jevremovi{\'c}}, D. and
         {Jones}, R.~L. and {Kalmbach}, J.~B. and {Kasliwal}, V.~P. and
         {Krughoff}, K.~S. and {Lurie}, J. and {Lust}, N.~B. and
         {MacArthur}, L.~A. and {Melchior}, P. and {Moeyens}, J. and
         {Nidever}, D.~L. and {Owen}, R. and {Parejko}, J.~K. and
         {Peterson}, J.~M. and {Petravick}, D. and {Pietrowicz}, S.~R. and
         {Price}, P.~A. and {Reiss}, D.~J. and {Shaw}, R.~A. and {Sick}, J. and
         {Slater}, C.~T. and {Strauss}, M.~A. and {Sullivan}, I.~S. and
         {Swinbank}, J.~D. and {Van Dyk}, S. and {Vuj{\v{c}}i{\'c}}, V. and
         {Withers}, A. and {Yoachim}, P.},
        title = "{The LSST Data Management System}",
     keywords = {Astrophysics - Instrumentation and Methods for Astrophysics},
    booktitle = {Astronomical Data Analysis Software and Systems XXV},
         year = "2017",
       editor = {{Lorente}, N.~P.~F. and {Shortridge}, K. and {Wayth}, R.},
       series = {Astronomical Society of the Pacific Conference Series},
       volume = {512},
        month = "Dec",
        pages = {279},
archivePrefix = {arXiv},
       eprint = {1512.07914},
 primaryClass = {astro-ph.IM},
       adsurl = {https://ui.adsabs.harvard.edu/abs/2017ASPC..512..279J},
      adsnote = {Provided by the SAO/NASA Astrophysics Data System}
}

@ARTICLE{Planck15,
       author = {{Planck Collaboration} and {Ade}, P.~A.~R. and {Aghanim}, N. and {Arnaud}, M. and {Ashdown}, M. and {Aumont}, J. and {Baccigalupi}, C. and {Banday}, A.~J. and {Barreiro}, R.~B. and {Bartlett}, J.~G. and {Bartolo}, N. and {Battaner}, E. and {Battye}, R. and {Benabed}, K. and {Beno{\^\i}t}, A. and {Benoit-L{\'e}vy}, A. and {Bernard}, J. -P. and {Bersanelli}, M. and {Bielewicz}, P. and {Bock}, J.~J. and {Bonaldi}, A. and {Bonavera}, L. and {Bond}, J.~R. and {Borrill}, J. and {Bouchet}, F.~R. and {Boulanger}, F. and {Bucher}, M. and {Burigana}, C. and {Butler}, R.~C. and {Calabrese}, E. and {Cardoso}, J. -F. and {Catalano}, A. and {Challinor}, A. and {Chamballu}, A. and {Chary}, R. -R. and {Chiang}, H.~C. and {Chluba}, J. and {Christensen}, P.~R. and {Church}, S. and {Clements}, D.~L. and {Colombi}, S. and {Colombo}, L.~P.~L. and {Combet}, C. and {Coulais}, A. and {Crill}, B.~P. and {Curto}, A. and {Cuttaia}, F. and {Danese}, L. and {Davies}, R.~D. and {Davis}, R.~J. and {de Bernardis}, P. and {de Rosa}, A. and {de Zotti}, G. and {Delabrouille}, J. and {D{\'e}sert}, F. -X. and {Di Valentino}, E. and {Dickinson}, C. and {Diego}, J.~M. and {Dolag}, K. and {Dole}, H. and {Donzelli}, S. and {Dor{\'e}}, O. and {Douspis}, M. and {Ducout}, A. and {Dunkley}, J. and {Dupac}, X. and {Efstathiou}, G. and {Elsner}, F. and {En{\ss}lin}, T.~A. and {Eriksen}, H.~K. and {Farhang}, M. and {Fergusson}, J. and {Finelli}, F. and {Forni}, O. and {Frailis}, M. and {Fraisse}, A.~A. and {Franceschi}, E. and {Frejsel}, A. and {Galeotta}, S. and {Galli}, S. and {Ganga}, K. and {Gauthier}, C. and {Gerbino}, M. and {Ghosh}, T. and {Giard}, M. and {Giraud-H{\'e}raud}, Y. and {Giusarma}, E. and {Gjerl{\o}w}, E. and {Gonz{\'a}lez-Nuevo}, J. and {G{\'o}rski}, K.~M. and {Gratton}, S. and {Gregorio}, A. and {Gruppuso}, A. and {Gudmundsson}, J.~E. and {Hamann}, J. and {Hansen}, F.~K. and {Hanson}, D. and {Harrison}, D.~L. and {Helou}, G. and {Henrot-Versill{\'e}}, S. and {Hern{\'a}ndez-Monteagudo}, C. and {Herranz}, D. and {Hildebrandt}, S.~R. and {Hivon}, E. and {Hobson}, M. and {Holmes}, W.~A. and {Hornstrup}, A. and {Hovest}, W. and {Huang}, Z. and {Huffenberger}, K.~M. and {Hurier}, G. and {Jaffe}, A.~H. and {Jaffe}, T.~R. and {Jones}, W.~C. and {Juvela}, M. and {Keih{\"a}nen}, E. and {Keskitalo}, R. and {Kisner}, T.~S. and {Kneissl}, R. and {Knoche}, J. and {Knox}, L. and {Kunz}, M. and {Kurki-Suonio}, H. and {Lagache}, G. and {L{\"a}hteenm{\"a}ki}, A. and {Lamarre}, J. -M. and {Lasenby}, A. and {Lattanzi}, M. and {Lawrence}, C.~R. and {Leahy}, J.~P. and {Leonardi}, R. and {Lesgourgues}, J. and {Levrier}, F. and {Lewis}, A. and {Liguori}, M. and {Lilje}, P.~B. and {Linden-V{\o}rnle}, M. and {L{\'o}pez-Caniego}, M. and {Lubin}, P.~M. and {Mac{\'\i}as-P{\'e}rez}, J.~F. and {Maggio}, G. and {Maino}, D. and {Mandolesi}, N. and {Mangilli}, A. and {Marchini}, A. and {Maris}, M. and {Martin}, P.~G. and {Martinelli}, M. and {Mart{\'\i}nez-Gonz{\'a}lez}, E. and {Masi}, S. and {Matarrese}, S. and {McGehee}, P. and {Meinhold}, P.~R. and {Melchiorri}, A. and {Melin}, J. -B. and {Mendes}, L. and {Mennella}, A. and {Migliaccio}, M. and {Millea}, M. and {Mitra}, S. and {Miville-Desch{\^e}nes}, M. -A. and {Moneti}, A. and {Montier}, L. and {Morgante}, G. and {Mortlock}, D. and {Moss}, A. and {Munshi}, D. and {Murphy}, J.~A. and {Naselsky}, P. and {Nati}, F. and {Natoli}, P. and {Netterfield}, C.~B. and {N{\o}rgaard-Nielsen}, H.~U. and {Noviello}, F. and {Novikov}, D. and {Novikov}, I. and {Oxborrow}, C.~A. and {Paci}, F. and {Pagano}, L. and {Pajot}, F. and {Paladini}, R. and {Paoletti}, D. and {Partridge}, B. and {Pasian}, F. and {Patanchon}, G. and {Pearson}, T.~J. and {Perdereau}, O. and {Perotto}, L. and {Perrotta}, F. and {Pettorino}, V. and {Piacentini}, F. and {Piat}, M. and {Pierpaoli}, E. and {Pietrobon}, D. and {Plaszczynski}, S. and {Pointecouteau}, E. and {Polenta}, G. and {Popa}, L. and {Pratt}, G.~W. and {Pr{\'e}zeau}, G. and {Prunet}, S. and {Puget}, J. -L. and {Rachen}, J.~P. and {Reach}, W.~T. and {Rebolo}, R. and {Reinecke}, M. and {Remazeilles}, M. and {Renault}, C. and {Renzi}, A. and {Ristorcelli}, I. and {Rocha}, G. and {Rosset}, C. and {Rossetti}, M. and {Roudier}, G. and {Rouill{\'e} d'Orfeuil}, B. and {Rowan-Robinson}, M. and {Rubi{\~n}o-Mart{\'\i}n}, J.~A. and {Rusholme}, B. and {Said}, N. and {Salvatelli}, V. and {Salvati}, L. and {Sandri}, M. and {Santos}, D. and {Savelainen}, M. and {Savini}, G. and {Scott}, D. and {Seiffert}, M.~D. and {Serra}, P. and {Shellard}, E.~P.~S. and {Spencer}, L.~D. and {Spinelli}, M. and {Stolyarov}, V. and {Stompor}, R. and {Sudiwala}, R. and {Sunyaev}, R. and {Sutton}, D. and {Suur-Uski}, A. -S. and {Sygnet}, J. -F. and {Tauber}, J.~A. and {Terenzi}, L. and {Toffolatti}, L. and {Tomasi}, M. and {Tristram}, M. and {Trombetti}, T. and {Tucci}, M. and {Tuovinen}, J. and {T{\"u}rler}, M. and {Umana}, G. and {Valenziano}, L. and {Valiviita}, J. and {Van Tent}, F. and {Vielva}, P. and {Villa}, F. and {Wade}, L.~A. and {Wandelt}, B.~D. and {Wehus}, I.~K. and {White}, M. and {White}, S.~D.~M. and {Wilkinson}, A. and {Yvon}, D. and {Zacchei}, A. and {Zonca}, A.},
        title = "{Planck 2015 results. XIII. Cosmological parameters}",
      journal = {\aap},
     keywords = {cosmology: observations, cosmology: theory, cosmic background radiation, cosmological parameters, Astrophysics - Cosmology and Nongalactic Astrophysics},
         year = 2016,
        month = sep,
       volume = {594},
          eid = {A13},
        pages = {A13},
          doi = {10.1051/0004-6361/201525830},
archivePrefix = {arXiv},
       eprint = {1502.01589},
 primaryClass = {astro-ph.CO},
       adsurl = {https://ui.adsabs.harvard.edu/abs/2016A&A...594A..13P},
      adsnote = {Provided by the SAO/NASA Astrophysics Data System}
}

@ARTICLE{Sersic1963,
       author = {{S{\'e}rsic}, J.~L.},
        title = "{Influence of the atmospheric and instrumental dispersion on the brightness distribution in a galaxy}",
      journal = {Boletin de la Asociacion Argentina de Astronomia La Plata Argentina},
         year = 1963,
        month = feb,
       volume = {6},
        pages = {41-43},
       adsurl = {https://ui.adsabs.harvard.edu/abs/1963BAAA....6...41S},
      adsnote = {Provided by the SAO/NASA Astrophysics Data System}
}


@ARTICLE{Oke1983,
   author = {{Oke}, J.~B. and {Gunn}, J.~E.},
    title = "{Secondary standard stars for absolute spectrophotometry}",
  journal = {\apj},
 keywords = {Reference Stars, Spectral Energy Distribution, Stellar Spectrophotometry, Subdwarf Stars, Calibrating, Line Spectra},
     year = 1983,
    month = mar,
   volume = 266,
    pages = {713-717},
      doi = {10.1086/160817},
   adsurl = {http://adsabs.harvard.edu/abs/1983ApJ...266..713O},
  adsnote = {Provided by the SAO/NASA Astrophysics Data System}
}

@article{Chabrier2003,
    Adsnote = {Provided by the SAO/NASA Astrophysics Data System},
    Adsurl = {http://adsabs.harvard.edu/abs/2003PASP..115..763C},
    Author = {{Chabrier}, G.},
    Doi = {10.1086/376392},
    Eprint = {astro-ph/0304382},
    Journal = {\pasp},
    Keywords = {Galaxies: Luminosity Function, Mass Function, Invited Reviews},
    Month = jul,
    Pages = {763-795},
    Title = {{Galactic Stellar and Substellar Initial Mass Function}},
    Volume = 115,
    Year = 2003,
    Bdsk-Url-1 = {http://dx.doi.org/10.1086/376392}
}

@Misc{scipy,
  author =    {Eric Jones and Travis Oliphant and Pearu Peterson and others},
  title =     {{SciPy}: Open source scientific tools for {Python}},
  year =      {2001},
  url = "http://www.scipy.org/"
}

@ARTICLE{matplotlib, 
    author={J. D. {Hunter}}, 
    journal={Computing in Science Engineering}, 
    title={Matplotlib: A 2D Graphics Environment}, 
    year={2007}, 
    volume={9}, 
    number={3}, 
    pages={90-95}, 
    keywords={computer graphics;mathematics computing;object-oriented programming;software packages;Matplotlib;2D graphics package;Python;application development;interactive scripting;publication-quality image generation;user interface;operating system;Graphics;Interpolation;Equations;Graphical user interfaces;Packaging;Image generation;User interfaces;Operating systems;Computer languages;Programming profession;Python;scripting languages;application development;scientific programming}, 
    doi={10.1109/MCSE.2007.55}, 
    ISSN={1521-9615}, 
    month={May},}
    
@ARTICLE{astropy,
       author = {{Astropy Collaboration} and {Robitaille}, Thomas P. and
         {Tollerud}, Erik J. and {Greenfield}, Perry and {Droettboom}, Michael and
         {Bray}, Erik and {Aldcroft}, Tom and {Davis}, Matt and
         {Ginsburg}, Adam and {Price-Whelan}, Adrian M. and
         {Kerzendorf}, Wolfgang E. and {Conley}, Alexander and {Crighton}, Neil and
         {Barbary}, Kyle and {Muna}, Demitri and {Ferguson}, Henry and
         {Grollier}, Fr{\'e}d{\'e}ric and {Parikh}, Madhura M. and
         {Nair}, Prasanth H. and {Unther}, Hans M. and {Deil}, Christoph and
         {Woillez}, Julien and {Conseil}, Simon and {Kramer}, Roban and
         {Turner}, James E.~H. and {Singer}, Leo and {Fox}, Ryan and
         {Weaver}, Benjamin A. and {Zabalza}, Victor and {Edwards}, Zachary I. and
         {Azalee Bostroem}, K. and {Burke}, D.~J. and {Casey}, Andrew R. and
         {Crawford}, Steven M. and {Dencheva}, Nadia and {Ely}, Justin and
         {Jenness}, Tim and {Labrie}, Kathleen and {Lim}, Pey Lian and
         {Pierfederici}, Francesco and {Pontzen}, Andrew and {Ptak}, Andy and
         {Refsdal}, Brian and {Servillat}, Mathieu and {Streicher}, Ole},
        title = "{Astropy: A community Python package for astronomy}",
      journal = {\aap},
     keywords = {methods: data analysis, methods: miscellaneous, virtual observatory tools, Astrophysics - Instrumentation and Methods for Astrophysics},
         year = "2013",
        month = "Oct",
       volume = {558},
          eid = {A33},
        pages = {A33},
          doi = {10.1051/0004-6361/201322068},
archivePrefix = {arXiv},
       eprint = {1307.6212},
 primaryClass = {astro-ph.IM},
       adsurl = {https://ui.adsabs.harvard.edu/abs/2013A&A...558A..33A},
      adsnote = {Provided by the SAO/NASA Astrophysics Data System}
}

@Article{Numpy,
 title         = {Array programming with {NumPy}},
 author        = {Charles R. Harris and K. Jarrod Millman and St{'{e}}fan J.
                 van der Walt and Ralf Gommers and Pauli Virtanen and David
                 Cournapeau and Eric Wieser and Julian Taylor and Sebastian
                 Berg and Nathaniel J. Smith and Robert Kern and Matti Picus
                 and Stephan Hoyer and Marten H. van Kerkwijk and Matthew
                 Brett and Allan Haldane and Jaime Fern{'{a}}ndez del
                 R{'{\i}}o and Mark Wiebe and Pearu Peterson and Pierre
                 G{'{e}}rard-Marchant and Kevin Sheppard and Tyler Reddy and
                 Warren Weckesser and Hameer Abbasi and Christoph Gohlke and
                 Travis E. Oliphant},
 year          = {2020},
 month         = sep,
 journal       = {Nature},
 volume        = {585},
 number        = {7825},
 pages         = {357--362},
 doi           = {10.1038/s41586-020-2649-2},
 publisher     = {Springer Science and Business Media {LLC}},
 url           = {https://doi.org/10.1038/s41586-020-2649-2}
}

@ARTICLE{Bertin1996,
   author = {{Bertin}, E. and {Arnouts}, S.},
    title = "{SExtractor: Software for source extraction.}",
  journal = {\aaps},
 keywords = {METHODS: DATA ANALYSIS, TECHNIQUES: IMAGE PROCESSING, GALAXIES: PHOTOMETRY},
     year = 1996,
    month = jun,
   volume = 117,
    pages = {393-404},
      doi = {10.1051/aas:1996164},
   adsurl = {http://adsabs.harvard.edu/abs/1996A\%26AS..117..393B},
  adsnote = {Provided by the SAO/NASA Astrophysics Data System}
}


@article{Barbary2016, 
doi = {10.21105/joss.0005},
author = {Barbary, Kyle}, 
journal = {Journal of Open Source Software},
year = {2016},
title = {{SEP: Source Extractor as a library}},
volume = {1(6)},
pages = {58}
}